
@article{seeley_tremble_1992,
	title = {The tremble dance of the honey bee: message and meanings},
	volume = {31},
	shorttitle = {The tremble dance of the honey bee},
	journaltitle = {Behavioral Ecology and Sociobiology},
	shortjournal = {Behav Ecol Sociobiol},
	author = {Seeley, Thomas D.},
	date = {1992},
}

@article{schmickl_costs_2004,
	title = {Costs of Environmental Fluctuations and Benefits of Dynamic Decentralized Foraging Decisions in Honey Bees},
	volume = {12},
	pages = {263--277},
	journaltitle = {Adaptive Behavior},
	shortjournal = {Adaptive Behavior},
	author = {Schmickl, Thomas and Crailsheim, Karl},
	date = {2004},
}

@article{schmickl_analysing_2008,
	title = {Analysing honeybees’ division of labour in broodcare by a multi-agent model},
	pages = {529--536},
	journaltitle = {{ALIFE}},
	author = {Schmickl, Thomas and Crailsheim, Karl},
	date = {2008},
}

@article{detrain_caste_1991,
	title = {Caste differences in behavioral thresholds as a basis for polyethism during food recruitment in the ant,Pheidole pallidula (Nyl.) (Hymenoptera: Myrmicinae)},
	volume = {4},
	shorttitle = {Caste differences in behavioral thresholds as a basis for polyethism during food recruitment in the ant,Pheidole pallidula (Nyl.) (Hymenoptera},
	pages = {157--176},
	journaltitle = {Journal of Insect Behavior},
	shortjournal = {J Insect Behav},
	author = {Detrain, Cl. and Pasteels, J. M.},
	date = {1991-03},
}

@thesis{drogoul_simulation_1993,
	title = {De la simulation multi-agents a la resolution collective de problemes : une etude de l'emergence de structures d'organisation dans les systemes multi-agents},
	shorttitle = {De la simulation multi-agents a la resolution collective de problemes},
	institution = {Paris 6},
	type = {Thèse de doctorat},
	author = {Drogoul, Alexis},
	date = {1993},
	keywords = {Sciences appliquées},
}

@book{bonabeau_natural_1999,
	title = {From Natural to Artificial Swarm Intelligence},
	publisher = {Oxford University Press, Inc.},
	author = {Bonabeau, Eric and Dorigo, Marco and Theraulaz, Guy},
	date = {1999}
}

@book{seeley_wisdom_1995,
	title = {The wisdom of the hive: the social physiology of honey bee colonies},
	shorttitle = {The wisdom of the hive},
	pagetotal = {295},
	publisher = {Harvard University Press},
	author = {Seeley, Thomas D.},
	date = {1995},
	keywords = {Behavior, Food, Honeybee},
}

@article{zahadat_division_2016,
	title = {Division of labor in a swarm of autonomous underwater robots by improved partitioning social inhibition},
	volume = {24},
	pages = {87--101},
	journaltitle = {Adaptive Behavior},
	shortjournal = {Adaptive Behavior},
	author = {Zahadat, Payam and Schmickl, Thomas},
	date = {2016-04},
}

@article{dornhaus_task_1998,
	title = {Task Selection in Honeybees - Experiments Using Multi-Agent Simulation},
	journaltitle = {Proc. of the Third German Workshop on Artificial Life},
	author = {Dornhaus, Anna and Klügl, Franziska and Puppe, Frank and Tautz, Jürgen},
	date = {1998},
}

@article{robinson_regulation_1987,
	title = {Regulation of honey bee age polyethism by juvenile hormone},
	volume = {20},
	pages = {329--338},
	journaltitle = {Behavioral Ecology and Sociobiology},
	shortjournal = {Behav Ecol Sociobiol},
	author = {Robinson, Gene E.},
	date = {1987},
}

@article{woyke_cannibalism_1977,
	title = {Cannibalism and Brood-Rearing Efficiency in the Honeybee},
	volume = {16},
	pages = {84--94},
	journaltitle = {Journal of Apicultural Research},
	shortjournal = {Journal of Apicultural Research},
	author = {Woyke, J.},
	date = {1977-01},
}

@article{winston_role_1991,
	title = {The role of queen mandibular pheromone and colony congestion in honey bee (Apis mellifera L.) reproductive swarming (Hymenoptera: Apidae)},
	volume = {4},
	shorttitle = {The role of queen mandibular pheromone and colony congestion in honey bee (Apis mellifera L.) reproductive swarming (Hymenoptera},
	pages = {649--660},
	journaltitle = {Journal of Insect Behavior},
	shortjournal = {J Insect Behav},
	author = {Winston, Mark L. and Higo, Heather A. and Colley, Simon J. and Pankiw, Tanya and Slessor, Keith N.},
	date = {1991},
}

@article{van_der_steen_how_2012,
	title = {How honey bees of successive age classes are distributed over a one storey, ten frames hive},
	volume = {51},
	pages = {174--178},
	journaltitle = {Journal of Apicultural Research},
	shortjournal = {Journal of Apicultural Research},
	author = {van der Steen, Jozef J M and Cornelissen, Bram and Donders, Jeroen and Blacquière, Tjeerd and van Dooremalen, Coby},
	date = {2012-01},
}

@article{smith_cues_2017,
	title = {The cues of colony size: how honey bees sense that their colony is large enough to begin to invest in reproduction},
	volume = {220},
	shorttitle = {The cues of colony size},
	pages = {1597--1605},
	journaltitle = {The Journal of Experimental Biology},
	shortjournal = {J Exp Biol},
	author = {Smith, Michael L. and Koenig, Phoebe A. and Peters, Jacob M.},
	date = {2017-05-01},
}

@article{perry_rapid_2015,
	title = {Rapid behavioral maturation accelerates failure of stressed honey bee colonies},
	volume = {112},
	pages = {3427--3432},
	journaltitle = {Proceedings of the National Academy of Sciences},
	shortjournal = {Proc Natl Acad Sci {USA}},
	author = {Perry, Clint J. and Søvik, Eirik and Myerscough, Mary R. and Barron, Andrew B.},
	date = {2015-03-17},
}

@article{heinrich_mechanisms_nodate,
	title = {{THE} {MECHANISMS} {AND} {ENERGETICS} {OF} {HONEYBEE} {SWARM} {TEMPERATURE} {REGULATION}},
	pages = {34},
	author = {Heinrich, Bernd},
}

@article{free_distribution_2009,
	title = {{THE} {DISTRIBUTION} {OF} {BEES} {IN} A {HONEY}-{BEE} ({APIS} {MELLIFERA} L.) {COLONY}},
	volume = {35},
	pages = {141--144},
	journaltitle = {Proceedings of the Royal Entomological Society of London. Series A, General Entomology},
	author = {Free, J. B.},
	date = {2009-04-02},
}

@article{sumpter_shape_2000,
	title = {Shape and Dynamics of Thermoregulating Honey Bee Clusters},
	volume = {204},
	pages = {1--14},
	journaltitle = {Journal of Theoretical Biology},
	shortjournal = {Journal of Theoretical Biology},
	author = {Sumpter, D.J.T. and Broomhead, D.S.},
	date = {2000-05},
}

@article{seeley_adaptive_1982,
	title = {Adaptive significance of the age polyethism schedule in honeybee colonies},
	volume = {11},
	pages = {287--293},
	journaltitle = {Behavioral Ecology and Sociobiology},
	author = {Seeley, Thomas D.},
	date = {1982-12},
}

@article{le_conte_primer_2001,
	title = {Primer effects of a brood pheromone on honeybee behavioural development},
	volume = {268},
	pages = {163--168},
	journaltitle = {Proceedings of the Royal Society of London. Series B: Biological Sciences},
	author = {Le Conte, Yves and Mohammedi, Arezki and Robinson, Gene E.},
	date = {2001},
}

@article{maisonnasse_e-b-ocimene_2010,
	title = {E-B-Ocimene, a Volatile Brood Pheromone Involved in Social Regulation in the Honey Bee Colony (Apis mellifera)},
	volume = {5},
	pages = {e13531},
	journaltitle = {{PLOS} One},
	author = {Maisonnasse, Alban and Lenoir, Jean-Christophe and Beslay, Dominique and Crauser, Didier and Le Conte, Yves},
	editor = {Giurfa, Martin},
	date = {2010},
}

@article{leoncini_regulation_2004,
	title = {Regulation of behavioral maturation by a primer pheromone produced by adult worker honey bees},
	volume = {101},
	pages = {17559--17564},
	journaltitle = {Proceedings of the National Academy of Sciences},
	author = {Leoncini, Isabelle and Le Conte, Yves and Costagliola, Guy and Plettner, Erika and Toth, Amy L. and Wang, Mianwei and Huang, Zachary and Bécard, Jean-Marc and Crauser, Didier and Slessor, Keith N.},
	date = {2004},
}

@article{schneider_vibration_2004,
	title = {The vibration signal, modulatory communication and the organization of labor in honey bees, \textit{Apis mellifera}},
	volume = {35},
	pages = {117--131},
	journaltitle = {Apidologie},
	author = {Schneider, Stanley S. and Lewis, Lee A.},
	date = {2004-03},
}

@article{morley_analysis_1993,
	title = {An analysis of a plant-specific dynamic scheduler},
	author = {Morley, R. E. and Schelberg, C.},
	date = {1993}
}

@article{bartholdi_self-organizing_2010,
	title = {Self-organizing logistics systems},
	volume = {34},
	pages = {111--117},
	journaltitle = {Annual Reviews in Control},
	author = {Bartholdi, John J. and Eisenstein, Donald D. and Lim, Yun Fong},
	date = {2010-04},
}

@book{winston_biology_1991,
	title = {The Biology of the Honey Bee},
	pagetotal = {300},
	publisher = {Harvard University Press},
	author = {Winston, Mark L.},
	date = {1991},
	keywords = {Science / General, Science / Life Sciences / Biology}
}

@inproceedings{parenthoen_put_2001,
	title = {Put fuzzy cognitive maps to work in virtual worlds},
	volume = {1},
	eventtitle = {10th Annual {IEEE} Conference on Fuzzy Systems},
	pages = {252--255},
	booktitle = {10th {IEEE} International Conference on Fuzzy Systems. (Cat. No.01CH37297)},
	publisher = {{IEEE}},
	author = {Parenthoen, M. and Reignier, P. and Tisseau, J.},
	date = {2001},
}

@article{mattila_timing_2001,
	title = {Timing of production of winter bees in honey bee (Apis mellifera) colonies},
	volume = {48},
	pages = {88--93},
	journaltitle = {Insectes Sociaux},
	shortjournal = {Insectes soc.},
	author = {Mattila, H. R. and Harris, J. L. and Otis, G. W.},
	date = {2001},
}

@inproceedings{rodin_multi-agents_2009,
	title = {Multi-Agents System to Model Cell Signalling by Using Fuzzy Cognitive Maps. Application to Computer Simulation of Multiple Myeloma},
	eventtitle = {2009 Ninth {IEEE} International Conference on Bioinformatics and {BioEngineering} ({BIBE})},
	pages = {236--241},
	booktitle = {2009 Ninth {IEEE} International Conference on Bioinformatics and {BioEngineering}},
	publisher = {{IEEE}},
	author = {Rodin, Vincent and Querrec, Gabriel and Ballet, Pascal and Bataille, François-Régis and Desmeulles, Gireg and Abgrall, Jean-François and Tisseau, Jacques},
	date = {2009-06},
}

@article{schmickl_integral_2018,
	title = {Integral feedback control is at the core of task allocation and resilience of insect societies},
	volume = {115},
	pages = {13180--13185},
	journaltitle = {Proceedings of the National Academy of Sciences},
	shortjournal = {Proc Natl Acad Sci {USA}},
	author = {Schmickl, Thomas and Karsai, Istvan},
	date = {2018-12-26},
}

@article{schmickl_cannibalism_2001,
	title = {Cannibalism and early capping: strategy of honeybee colonies in times of experimental pollen shortages},
	volume = {187},
	shorttitle = {Cannibalism and early capping},
	pages = {541--547},
	journaltitle = {Journal of Comparative Physiology A: Sensory, Neural, and Behavioral Physiology},
	shortjournal = {Journal of Comparative Physiology A: Sensory, Neural, and Behavioral Physiology},
	author = {Schmickl, T. and Crailsheim, K.},
	date = {2001-09-01},
}

@article{campbell_multi-agent_2011,
	title = {Multi-agent role allocation: issues, approaches, and multiple perspectives},
	volume = {22},
	shorttitle = {Multi-agent role allocation},
	pages = {317--355},
	journaltitle = {Autonomous Agents and Multi-Agent Systems},
	author = {Campbell, Adam and Wu, Annie S.},
	date = {2011},
}

@inproceedings{wen_serendipity:_2016,
	title = {Serendipity: Finger Gesture Recognition using an Off-the-Shelf Smartwatch},
	shorttitle = {Serendipity},
	eventtitle = {the 2016 {CHI} Conference},
	pages = {3847--3851},
	booktitle = {Proceedings of the 2016 {CHI} Conference on Human Factors in Computing Systems - {CHI} '16},
	publisher = {{ACM} Press},
	author = {Wen, Hongyi and Ramos Rojas, Julian and Dey, Anind K.},
	date = {2016},
}

@inproceedings{marin_hand_2014,
	title = {Hand gesture recognition with leap motion and kinect devices},
	eventtitle = {2014 {IEEE} International Conference on Image Processing ({ICIP})},
	pages = {1565--1569},
	booktitle = {2014 {IEEE} International Conference on Image Processing ({ICIP})},
	publisher = {{IEEE}},
	author = {Marin, Giulio and Dominio, Fabio and Zanuttigh, Pietro},
	date = {2014-10},
}

@article{tan_research_2013,
	title = {Research Advance in Swarm Robotics},
	volume = {9},
	pages = {18--39},
	journaltitle = {Defence Technology},
	shortjournal = {Defence Technology},
	author = {Tan, Ying and Zheng, Zhong-yang},
	date = {2013-03},
}

@article{theraulaz_response_1998,
	title = {Response threshold reinforcements and division of labour in insect societies},
	volume = {265},
	pages = {327--332},
	journaltitle = {Proceedings of the Royal Society B: Biological Sciences},
	shortjournal = {Proc Biol Sci},
	author = {Theraulaz, Guy and Bonabeau, Eric and Deneubourg, Jean-Louis},
	date = {1998},
	pmid = {null},
	pmcid = {PMC1688885},
}

@inproceedings{king_emergence_2019,
	title = {The Emergence of Division of Labor in Multi-Agent Systems},
	eventtitle = {2019 {IEEE} 13th International Conference on Self-Adaptive and Self-Organizing Systems ({SASO})},
	pages = {107--116},
	booktitle = {2019 {IEEE} 13th International Conference on Self-Adaptive and Self-Organizing Systems ({SASO})},
	author = {King, D. and Peterson, G.},
	date = {2019-06},
	keywords = {agent decision functions, agent population size, agent task bias, Biology, Correlation, emergence, division of labor, task specialization, complex adaptive systems, Entropy, environmental constraints, higher resource production, homogeneous populations, labor scores, labour resources, Mathematical model, multi-agent systems, multiagent systems, natural systems, positive correlation, Sociology, system environment, Task analysis},
}

@article{beshers_models_2001,
	title = {Models of division of labor in social insects.},
	volume = {46},
	pages = {413--440},
	journaltitle = {Annual review of entomology},
	author = {Beshers, Samuel N. and Fewell, Jennifer H.},
	date = {2001},
	keywords = {explanation, Labor (Childbirth)},
}

@book{baldassarre_intrinsically_2013,
	title = {Intrinsically Motivated Learning in Natural and Artificial Systems},
	publisher = {Springer Berlin Heidelberg},
	author = {Baldassarre, Gianluca and Mirolli, Marco},
	date = {2013},
}

@article{andriamasinoro_proposition_nodate,
	title = {Proposition d'un modèle d'agents hybrides basé sur la motivation naturelle},
	pages = {228},
	author = {Andriamasinoro, Fenintsoa},
}

@article{schmidhuber_formal_2010,
	title = {Formal Theory of Creativity, Fun, and Intrinsic Motivation (1990–2010)},
	volume = {2},
	pages = {230--247},
	journaltitle = {{IEEE} Transactions on Autonomous Mental Development},
	shortjournal = {{IEEE} Trans. Auton. Mental Dev.},
	author = {Schmidhuber, Jürgen},
	date = {2010},
}

@inproceedings{roohi_review_2018,
	title = {Review of Intrinsic Motivation in Simulation-based Game Testing},
	pages = {1--13},
	booktitle = {Proceedings of the 2018 {CHI} Conference on Human Factors in Computing Systems - {CHI} '18},
	publisher = {{ACM} Press},
	author = {Roohi, Shaghayegh and Takatalo, Jari and Guckelsberger, Christian and Hämäläinen, Perttu},
	date = {2018},
}

@inproceedings{cornudella_how_2015,
	title = {How Intrinsic Motivation can Speed Up Language Emergence},
	eventtitle = {{ECAL} 2015: the 13th European Conference on Artificial Life},
	pages = {571--578},
	publisher = {The {MIT} Press},
	author = {Cornudella, Miquel and Van Eecke, Paul and van Trijp, Remi},
	date = {2015},
}

@article{maes_agent_1991,
	title = {The agent network architecture ({ANA})},
	volume = {2},
	pages = {115--120},
	journaltitle = {{ACM} Sigart Bulletin},
	shortjournal = {{SIGART} Bull.},
	author = {Maes, Pattie},
	date = {1991},
}

@article{ryan_intrinsic_2000,
	title = {Intrinsic and Extrinsic Motivations: Classic Definitions and New Directions},
	volume = {25},
	shorttitle = {Intrinsic and Extrinsic Motivations},
	pages = {54--67},
	journaltitle = {Contemporary Educational Psychology},
	shortjournal = {Contemporary Educational Psychology},
	author = {Ryan, Richard M. and Deci, Edward L.},
	date = {2000-01},
}

@article{anderson_teamwork_2003,
	title = {Teamwork in Animals, Robots, and Humans},
	series = {Advances in the Study of Behavior},
	shorttitle = {Teamwork in Animals, Robots, and Humans},
	journaltitle = {New York: Academic Press},
	shortjournal = {Advances in the Study of Behavior},
	author = {Anderson, Carl and Franks, Nigel R.},
	date = {2003-10-28},
}

@incollection{drogoul_multi-agent_1992,
	title = {Multi-agent simulation as a tool for modeling societies: Application to social differentiation in ant colonies},
	volume = {830},
	shorttitle = {Multi-agent simulation as a tool for modeling societies},
	pages = {2--23},
	booktitle = {European workshop on modelling autonomous agents in a multi-agent world},
	publisher = {Springer Berlin Heidelberg},
	author = {Drogoul, Alexis and Ferber, Jacques},
	date = {1992},
}

@article{franks_foraging_1994,
	title = {Foraging for work: how tasks allocate workers},
	volume = {48},
	pages = {470--472},
	journaltitle = {Animal Behaviour},
	author = {Franks, Nigel R. and Tofts, Chris},
	date = {1994}
}

@article{schmickl_taskselsim_2008,
	title = {{TaskSelSim}: a model of the self-organization of the division of labour in honeybees},
	volume = {14},
	pages = {101--125},
	journaltitle = {Mathematical and Computer Modelling of Dynamical Systems},
	author = {Schmickl, Thomas and Crailsheim, K},
	date = {2008}
}

@article{brooks_robust_1986,
	title = {A robust layered control system for a mobile robot},
	volume = {2},
	pages = {14--23},
	journaltitle = {{IEEE} Journal on Robotics and Automation},
	shortjournal = {{IEEE} J. Robot. Automat.},
	author = {Brooks, Rodney},
	date = {1986},
}

@inproceedings{heckel_representational_2010,
	title = {Representational complexity of reactive agents},
	pages = {257--264},
	booktitle = {Proceedings of the 2010 {IEEE} Conference on Computational Intelligence and Games},
	publisher = {{IEEE}},
	author = {Heckel, Frederick W. P. and Youngblood, G. Michael and Ketkar, Nikhil S.},
	date = {2010},
}

@article{seeley_age_1991,
	title = {Age Polyethism for Hive Duties in Honey Bees - Illusion or Reality?},
	volume = {87},
	pages = {284--297},
	journaltitle = {Ethology},
	author = {Seeley, Thomas D. and Kolmes, Steven A.},
	date = {1991},
}

@article{he_starving_2016,
	title = {Starving honey bee (Apis mellifera) larvae signal pheromonally to worker bees},
	volume = {6},
	pages = {22359},
	journaltitle = {Scientific Reports},
	shortjournal = {Sci Rep},
	author = {He, Xu Jiang and Zhang, Xue Chuan and Jiang, Wu Jun and Barron, Andrew B. and Zhang, Jian Hui and Zeng, Zhi Jiang},
	date = {2016-04},
}

@book{csikszentmihalyi_finding_1997,
	title = {Finding flow: The psychology of engagement with everyday life.},
	publisher = {Basic Books},
	author = {Csikszentmihalyi, Mihaly},
	date = {1997}
}

@inproceedings{engelke_visual_2016,
	title = {A Visual Analytics Framework to Study Honey Bee Behaviour},
	pages = {1504--1511},
	booktitle = {2016 {IEEE} 18th International Conference on High Performance Computing and Communications; {IEEE} 14th International Conference on Smart City; {IEEE} 2nd International Conference on Data Science and Systems ({HPCC}/{SmartCity}/{DSS})},
	publisher = {{IEEE}},
	author = {Engelke, Ulrich and Marendy, Peter and Susanto, Ferry and Williams, Raymond and Mahbub, Selim and Nguyen, Huyen and Souza, Paulo de},
	date = {2016-12},
}

@article{rao_bdi_1995,
	title = {{BDI} Agents: From Theory to Practice},
	pages = {8},
	author = {Rao, Anand S and Georgeff, Michael P},
	date = {1995},
}

@inproceedings{nguyen_augmented_2017,
	title = {Augmented Reality Based Bee Drift Analysis: A User Study},
	shorttitle = {Augmented Reality Based Bee Drift Analysis},
	pages = {1--8},
	booktitle = {2017 International Symposium on Big Data Visual Analytics ({BDVA})},
	publisher = {{IEEE}},
	author = {Nguyen, Huyen and Ketchell, Sarah and Engelke, Ulrich and Thomas, Bruce H. and de Souza, Paulo},
	date = {2017},
}

@article{olshannikova_visualizing_2015,
	title = {Visualizing Big Data with augmented and virtual reality: challenges and research agenda},
	volume = {2},
	shorttitle = {Visualizing Big Data with augmented and virtual reality},
	pages = {22},
	journaltitle = {Journal of Big Data},
	shortjournal = {Journal of Big Data},
	author = {Olshannikova, Ekaterina and Ometov, Aleksandr and Koucheryavy, Yevgeni and Olsson, Thomas},
	date = {2015-12},
}

@inproceedings{donalek_immersive_2014,
	title = {Immersive and collaborative data visualization using virtual reality platforms},
	eventtitle = {2014 {IEEE} International Conference on Big Data (Big Data)},
	pages = {609--614},
	booktitle = {2014 {IEEE} International Conference on Big Data (Big Data)},
	publisher = {{IEEE}},
	author = {Donalek, Ciro and Djorgovski, S. G. and Cioc, Alex and Wang, Anwell and Zhang, Jerry and Lawler, Elizabeth and Yeh, Stacy and Mahabal, Ashish and Graham, Matthew and Drake, Andrew and Davidoff, Scott and Norris, Jeffrey S. and Longo, Giuseppe},
	date = {2014-10},
}

@article{huang_inspection_1991,
	title = {Inspection and feeding of larvae by worker honey bees (Hymenoptera: Apidae): Effect of starvation and food quantity},
	volume = {4},
	shorttitle = {Inspection and feeding of larvae by worker honey bees (Hymenoptera},
	pages = {305--317},
	journaltitle = {Journal of Insect Behavior},
	shortjournal = {J Insect Behav},
	author = {Huang, Zhi -Yong and Otis, Gard W.},
	date = {1991-05},
}

@article{free_transmission_1957,
	title = {The transmission of food between Worker Honeybees},
	volume = {5},
	pages = {41--47},
	journaltitle = {The British Journal of Animal Behaviour},
	shortjournal = {The British Journal of Animal Behaviour},
	author = {Free, J.B.},
	date = {1957-04},
}

@article{cantu_proposition_nodate,
	title = {Proposition de modes de visualisation et d'interaction innovants pour les grandes masses de données et/ou les données structurées complexes en prenant en compte les limitations perceptives des utilisateurs},
	pages = {151},
	author = {Cantu, Alma},
}

@inproceedings{agassounon_scalable_2001,
	title = {A scalable, distributed algorithm for allocating workers in embedded systems},
	volume = {5},
	eventtitle = {{IEEE} International Conference on Systems, Man \& Cybernetics},
	pages = {3367--3373},
	booktitle = {2001 {IEEE} International Conference on Systems, Man and Cybernetics. e-Systems and e-Man for Cybernetics in Cyberspace (Cat.No.01CH37236)},
	publisher = {{IEEE}},
	author = {Agassounon, William. and Martinoli, Alcherio and Goodman, Rodney},
	date = {2001},
}

@article{agassounon_efficiency_2002,
	title = {Efficiency and Robustness of Threshold-Based Distributed Allocation Algorithms in Multi-Agent Systems},
	pages = {8},
	journaltitle = {Proceedings of the first international joint conference on Autonomous agents and multiagent systems},
	author = {Agassounon, William and Martinoli, Alcherio},
	date = {2002},
}

@book{lorenz_les_1984,
	title = {Les fondements de l'éthologie},
	publisher = {Flammarion Paris},
	author = {Lorenz, Konrad and Etoré, Jeanne},
	date = {1984}
}

@article{cicirello_wasp-like_2004,
	title = {Wasp-like Agents for Distributed Factory Coordination},
	volume = {8},
	pages = {237--266},
	journaltitle = {Autonomous Agents and Multi-agent systems},
	author = {Cicirello, Vincent A and Smith, Stephen F},
	date = {2004},
}

@article{bonabeau_quantitative_1996,
	title = {Quantitative Study of the Fixed Threshold Model for the Regulation of Division of Labour in Insect Societies},
	volume = {263},
	pages = {1565--1569},
	journaltitle = {Proceedings of the Royal Society of London. Series B: Biological Sciences},
	author = {Bonabeau, Eric and Theraulaz, Guy and Deneubourg, Jean-Louis},
	date = {1996},
}

@article{wilson_relation_1984,
	title = {The relation between caste ratios and division of labor in the ant genus Pheidole (Hymenoptera: Formicidae)},
	volume = {16},
	shorttitle = {The relation between caste ratios and division of labor in the ant genus Pheidole (Hymenoptera},
	pages = {89--98},
	journaltitle = {Behavioral Ecology and Sociobiology},
	shortjournal = {Behav Ecol Sociobiol},
	author = {Wilson, Edward O.},
	date = {1984},
}

@article{edmonds_what_1995,
	title = {What is Complexity ? - The philosophy of complexity per se with application to some examples in evolution.},
	journaltitle = {The evolution of complexity},
	author = {Edmonds, Bruce},
	date = {1995},
}

@article{heylighen_complexity_2008,
	title = {Complexity and Self-organization},
	volume = {3},
	pages = {1215--1224},
	journaltitle = {Encyclopedia of library and information sciences},
	author = {Heylighen, Francis},
	date = {2008},
}

@article{jones_honey_2004,
	title = {Honey Bee Nest Thermoregulation: Diversity Promotes Stability},
	volume = {305},
	shorttitle = {Honey Bee Nest Thermoregulation},
	pages = {402--404},
	journaltitle = {Science},
	shortjournal = {Science},
	author = {Jones, Julia C. and Myerscough, Mary R. and Graham, Sonia and Oldroyd, Benjamin P.},
	date = {2004},
}

@article{riviere_modemulti-agent_2021,
	title = {Modèle multi-agent d'auto-organisation pour le butinage au sein d'une colonie d'abeilles},
	series = {Revue Ouverte d'Intelligence Artificielle {ROIA} (soumis le 16/07/2021)},
	pages = {27},
	author = {Rivière, Jérémy and Alves, Thomas and ., al},
	date = {2021},
}

@inproceedings{wooldridge_methodology_1999,
	title = {A methodology for agent-oriented analysis and design},
	pages = {69--76},
	booktitle = {Proceedings of the third annual conference on Autonomous Agents},
	publisher = {{ACM} Press},
	author = {Wooldridge, Michael and Jennings, Nicholas R. and Kinny, David},
	date = {1999},
}

@article{krieger_call_2000,
	title = {The call of duty: Self-organised task allocation in a population of up to twelve mobile robots},
	volume = {30},
	shorttitle = {The call of duty},
	pages = {65--84},
	journaltitle = {Robotics and Autonomous Systems},
	shortjournal = {Robotics and Autonomous Systems},
	author = {Krieger, Michael J.B. and Billeter, Jean-Bernard},
	date = {2000},
}

@article{ferber_meta-model_1998,
	title = {A meta-model for the analysis and design of organizations in multi-agent systems},
	pages = {128--135},
	journaltitle = {Proceedings international conference on multi agent systems (Cat. No. 98EX160)},
	author = {Ferber, Jacques and Gutknecht, Olivier},
	date = {1998},
}

@report{allen_2018_2018,
	title = {2018: Framing and Context. In: Global Warming of 1.5°C. An {IPCC} Special Report on the impacts of global warming of 1.5°C above pre-industrial levels and related global greenhouse gas emission pathways, in the context of strengthening the global response to the threat of climate change, sustainable development, and efforts to eradicate poverty},
	author = {Allen, Myles R. and Dube, O.P. and Solecki, W. and Aragòn-Durand, F. and Cramer, W. and Humphreys, S. and Kainuma, M. and Kala, J. and Mahowald, N. and Mulugetta, Y. and Perez, R. and Wairiu, M. and Zickfeld, K.},
	date = {2018},
}

@article{le_conte_varroa_2010,
	title = {Varroa mites and honey bee health: can Varroa explain part of the colony losses?},
	volume = {41},
	shorttitle = {Varroa mites and honey bee health},
	pages = {353--363},
	journaltitle = {Apidologie},
	shortjournal = {Apidologie},
	author = {Le Conte, Yves and Ellis, Marion and Ritter, Wolfgang},
	date = {2010},
}

@article{robinson_colony_1998,
	title = {Colony integration in honey bees: genetic, endocrine and social control of division of labor},
	volume = {29},
	shorttitle = {Colony integration in honey bees},
	pages = {159--170},
	journaltitle = {Apidologie},
	shortjournal = {Apidologie},
	author = {Robinson, Gene E. and Huang, Zhi-Yong},
	date = {1998},
}

@article{brutschy_self-organized_2014,
	title = {Self-organized task allocation to sequentially interdependent tasks in swarm robotics},
	volume = {28},
	pages = {101--125},
	journaltitle = {Autonomous Agents and Multi-Agent Systems},
	shortjournal = {Auton Agent Multi-Agent Syst},
	author = {Brutschy, Arne and Pini, Giovanni and Pinciroli, Carlo and Birattari, Mauro and Dorigo, Marco},
	date = {2014-01},
}

@article{volterra_variations_1928,
	title = {Variations and Fluctuations of the Number of Individuals in Animal Species living together},
	volume = {3},
	pages = {3--51},
	journaltitle = {{ICES} Journal of Marine Science},
	shortjournal = {{ICES} Journal of Marine Science},
	author = {Volterra, Vito},
	date = {1928},
}

@article{drogoul_multi-agent_1992-1,
	title = {Multi-agent simulation as a tool for analysing emergent processes in societies},
	journaltitle = {Simulating Societies Symposium, University of Surrey, Guildford.},
	author = {Drogoul, Alexis and Ferber, Jacques and Cambier, Christophe},
	date = {1992},
}

@article{drogoul_behavioral_nodate,
	title = {A {BEHAVIORAL} {SIMULATION} {MODEL} {FOR} {THE} {STUDY} {OF} {EMERGENT} {SOCIAL} {STRUCTURES}},
	pages = {13},
	author = {Drogoul, Alexis and Ferber, Jacques and Corbara, Bruno and Fresneau, Dominique},
}

@article{schmickl_hopomo_2007,
	title = {{HoPoMo}: A model of honeybee intracolonial population dynamics and resource management},
	volume = {204},
	shorttitle = {{HoPoMo}},
	pages = {219--245},
	journaltitle = {Ecological Modelling},
	shortjournal = {Ecological Modelling},
	author = {Schmickl, Thomas and Crailsheim, Karl},
	date = {2007},
}

@article{betti_bee_2017,
	title = {Bee++: An Object-Oriented, Agent-Based Simulator for Honey Bee Colonies},
	volume = {8},
	shorttitle = {Bee++},
	pages = {31},
	journaltitle = {Insects},
	shortjournal = {Insects},
	author = {Betti, Matthew and {LeClair}, Josh and Wahl, Lindi and Zamir, Mair},
	date = {2017-03-10},
}

@article{gautrais_emergent_2002,
	title = {Emergent Polyethism as a Consequence of Increased Colony Size in Insect Societies},
	volume = {215},
	pages = {363--373},
	journaltitle = {Journal of Theoretical Biology},
	shortjournal = {Journal of Theoretical Biology},
	author = {Gautrais, Jacques and Theraulaz, Guy and Deneubourg, Jean-Louis and Anderson, Carl},
	date = {2002},
}

@article{kolmes_quantitative_1984,
	title = {A Quantitative Study of the Division of Labour among Worker Honey Bees},
	volume = {68},
	pages = {287--302},
	journaltitle = {Zeitschrift für Tierpsychologie},
	author = {Kolmes, Steven A.},
	date = {1984},
}

@article{haubold_analytic_1992,
	title = {Analytic stellar structure},
	volume = {197},
	pages = {153--161},
	journaltitle = {Astrophysics and Space Science},
	shortjournal = {Astrophys Space Sci},
	author = {Haubold, H. J. and Mathai, A. M.},
	date = {1992},
}

@article{oldroyd_domestication_2012,
	title = {Domestication of honey bees was associated with expansion of genetic diversity: News and Views: Perspective},
	volume = {21},
	shorttitle = {Domestication of honey bees was associated with expansion of genetic diversity},
	pages = {4409--4411},
	journaltitle = {Molecular Ecology},
	author = {Oldroyd, Benjamin P.},
	date = {2012},
}

@article{thompson_concepts_1989,
	title = {Concepts of coevolution},
	volume = {4},
	pages = {179--183},
	journaltitle = {Trends in Ecology \& Evolution},
	shortjournal = {Trends in Ecology \& Evolution},
	author = {Thompson, John N.},
	date = {1989},
}

@article{seeley_collective_1991,
	title = {Collective decision-making in honey bees: how colonies choose among nectar sources},
	volume = {28},
	shorttitle = {Collective decision-making in honey bees},
	journaltitle = {Behavioral Ecology and Sociobiology},
	shortjournal = {Behav Ecol Sociobiol},
	author = {Seeley, Thomas D. and Camazine, Scott and Sneyd, James},
	date = {1991},
}

@article{johnson_honey_2010,
	title = {Honey Bee Colony Collapse Disorder},
	journaltitle = {Washington: Congressional Research Service},
	author = {Johnson, Renée},
	date = {2010},
}

@inproceedings{engelke_melissar_2016,
	title = {{MelissAR}: Towards Augmented Visual Analytics of Honey Bee Behaviour},
	shorttitle = {{MelissAR}},
	pages = {2057--2063},
	booktitle = {Proceedings of the 2016 {CHI} Conference Extended Abstracts on Human Factors in Computing Systems},
	publisher = {{ACM}},
	author = {Engelke, Ulrich and Hutson, Holly and Nguyen, Huyen and de Souza, Paulo},
	date = {2016},
}

@article{louloudi_new_2012,
	title = {A New Framework For Coupling Agent-Based Simulation And Immersive Visualisation},
	pages = {51--57},
	journaltitle = {{ECMS}},
	author = {Louloudi, Athanasia and Klugl, Franziska},
	date = {2012},
}

@article{giray_effects_1994,
	title = {Effects of intracolony variability in behavioral development on plasticity of division of labor in honey bee colonies},
	volume = {35},
	pages = {13--20},
	journaltitle = {Behavioral Ecology and Sociobiology},
	shortjournal = {Behav Ecol Sociobiol},
	author = {Giray, Tugrul and Robinson, Gene E.},
	date = {1994},
}

@article{camazine_self-organizing_1991,
	title = {Self-organizing pattern formation on the combs of honey bee colonies},
	volume = {28},
	pages = {61--76},
	journaltitle = {Behavioral Ecology and Sociobiology},
	shortjournal = {Behav Ecol Sociobiol},
	author = {Camazine, Scott},
	date = {1991-01},
}

@incollection{riviere_toward_2018,
	title = {Toward a Complete Agent-Based Model of a Honeybee Colony},
	volume = {887},
	pages = {493--505},
	booktitle = {International Conference on Practical Applications of Agents and Multi-Agent Systems},
	publisher = {Springer International Publishing},
	author = {Rivière, Jérémy and Alaux, Cédric and Le Conte, Yves and Layec, Yves and Lozac’h, André and Rodin, Vincent and Singhoff, Frank},
	date = {2018},
}

@article{alaux_pathological_2011,
	title = {Pathological effects of the microsporidium Nosema ceranae on honey bee queen physiology (Apis mellifera)},
	volume = {106},
	pages = {380--385},
	journaltitle = {Journal of Invertebrate Pathology},
	shortjournal = {Journal of Invertebrate Pathology},
	author = {Alaux, Cédric and Folschweiller, Morgane and {McDonnell}, Cynthia and Beslay, Dominique and Cousin, Marianne and Dussaubat, Claudia and Brunet, Jean-Luc and Le Conte, Yves},
	date = {2011-03},
}

@article{higes_presence_2009,
	title = {The presence of Nosema ceranae (Microsporidia) in North African honey bees (Apis mellifera intermissa)},
	volume = {48},
	pages = {217--219},
	journaltitle = {Journal of Apicultural Research},
	shortjournal = {Journal of Apicultural Research},
	author = {Higes, Mariano and Martín-Hernández, Raquel and Garrido-Bailón, Encarna and Botías, Cristina and Meana, Aránzazu},
	date = {2009-01},
}

@article{antunez_immune_2009,
	title = {Immune suppression in the honey bee ( \textit{Apis mellifera} ) following infection by \textit{Nosema ceranae} ( \textit{Microsporidia} )},
	volume = {11},
	pages = {2284--2290},
	journaltitle = {Environmental Microbiology},
	author = {Antúnez, Karina and Martín-Hernández, Raquel and Prieto, Lourdes and Meana, Aránzazu and Zunino, Pablo and Higes, Mariano},
	date = {2009-09},
}

@article{hassanein_influence_1953,
	title = {The influence of infection with Nosema apis on the activities and longevity of the worker honeybee},
	volume = {40},
	pages = {418--423},
	journaltitle = {Annals of Applied Biology},
	shortjournal = {Ann Applied Biology},
	author = {Hassanein, M. H.},
	date = {1953-06},
}

@article{higes_how_2008,
	title = {How natural infection by Nosema ceranae causes honeybee colony collapse: Natural Nosema ceranae infection},
	volume = {10},
	shorttitle = {How natural infection by Nosema ceranae causes honeybee colony collapse},
	pages = {2659--2669},
	journaltitle = {Environmental Microbiology},
	author = {Higes, Mariano and Martín-Hernández, Raquel and Botías, Cristina and Bailón, Encarna Garrido and González-Porto, Amelia V. and Barrios, Laura and del Nozal, M. Jesús and Bernal, José L. and Jiménez, Juan J. and Palencia, Pilar García and Meana, Aránzazu},
	date = {2008},
}

@article{breckling_emergent_2005,
	title = {Emergent properties in individual-based ecological models—introducing case studies in an ecosystem research context},
	volume = {186},
	pages = {376--388},
	journaltitle = {Ecological Modelling},
	shortjournal = {Ecological Modelling},
	author = {Breckling, Broder and Müller, Felix and Reuter, Hauke and Hölker, Franz and Fränzle, Otto},
	date = {2005},
}

@incollection{goos_self-organisation_2003,
	title = {Self-Organisation: Paradigms and Applications},
	volume = {2977},
	shorttitle = {Self-Organisation},
	pages = {1--19},
	booktitle = {International Workshop on Engineering Self-Organising Applications},
	publisher = {Springer Berlin Heidelberg},
	author = {Di Marzo Serugendo, Giovanna and Foukia, Noria and Hassas, Salima and Karageorgos, Anthony and Mostéfaoui, Soraya Kouadri and Rana, Omer F. and Ulieru, Mihaela and Valckenaers, Paul and Van Aart, Chris},
	editor = {Di Marzo Serugendo, Giovanna and Karageorgos, Anthony and Rana, Omer F. and Zambonelli, Franco},
	editorb = {Goos, Gerhard and Hartmanis, Juris and van Leeuwen, Jan},
	editorbtype = {redactor},
	date = {2003},
}

@article{labella_division_2006,
	title = {Division of labor in a group of robots inspired by ants' foraging behavior},
	volume = {1},
	pages = {4--25},
	journaltitle = {{ACM} Transactions on Autonomous and Adaptive Systems},
	shortjournal = {{ACM} Trans. Auton. Adapt. Syst.},
	author = {Labella, Thomas H. and Dorigo, Marco and Deneubourg, Jean-Louis},
	date = {2006},
}

@article{johnson_division_2010,
	title = {Division of labor in honeybees: form, function, and proximate mechanisms},
	volume = {64},
	shorttitle = {Division of labor in honeybees},
	pages = {305--316},
	journaltitle = {Behavioral Ecology and Sociobiology},
	shortjournal = {Behav Ecol Sociobiol},
	author = {Johnson, Brian R.},
	date = {2010-01},
}

@article{huang_regulation_1996,
	title = {Regulation of honey bee division of labor by colony age demography},
	volume = {39},
	pages = {147--158},
	journaltitle = {Behavioral Ecology and Sociobiology},
	shortjournal = {Behavioral Ecology and Sociobiology},
	author = {Huang, Zhi-Yong and Robinson, Gene E.},
	date = {1996},
}

@article{becher_brood_2010,
	title = {Brood temperature, task division and colony survival in honeybees: A model},
	volume = {221},
	shorttitle = {Brood temperature, task division and colony survival in honeybees},
	pages = {769--776},
	journaltitle = {Ecological Modelling},
	shortjournal = {Ecological Modelling},
	author = {Becher, Matthias A. and Hildenbrandt, Hanno and Hemelrijk, Charlotte K. and Moritz, Robin F.A.},
	date = {2010-03},
}

@article{pratt_optimal_1999,
	title = {Optimal timing of comb construction by honeybee ( Apis mellifera ) colonies: a dynamic programming model and experimental tests},
	volume = {46},
	shorttitle = {Optimal timing of comb construction by honeybee ( Apis mellifera ) colonies},
	pages = {30--42},
	journaltitle = {Behavioral Ecology and Sociobiology},
	shortjournal = {Behavioral Ecology and Sociobiology},
	author = {Pratt, Stephen C.},
	date = {1999},
}

@article{becher_beehave_2014,
	title = {{BEEHAVE} : a systems model of honeybee colony dynamics and foraging to explore multifactorial causes of colony failure},
	volume = {51},
	shorttitle = {{BEEHAVE}},
	pages = {470--482},
	journaltitle = {Journal of Applied Ecology},
	shortjournal = {J Appl Ecol},
	author = {Becher, Matthias A. and Grimm, Volker and Thorbek, Pernille and Horn, Juliane and Kennedy, Peter J. and Osborne, Juliet L.},
	editor = {Morgan, Eric},
	date = {2014-04},
}

@report{tisseau_realite_2001,
	title = {Réalité Virtuelle : autonomie in virtuo},
	institution = {Habilitation à diriger des recherches. Université de Rennes 1},
	author = {Tisseau, Jacques},
	date = {2001},
}

@article{demazeau_interactions_1995,
	title = {From interactions to collective behaviour in agent-based systems},
	journaltitle = {Proceedings of the 1st. European Conference on Cognitive Science. Saint-Malo.},
	author = {Demazeau, Yves},
	date = {1995},
}

@article{beck_finding_nodate,
	title = {Finding the gaps about uses of immersive learning environments: a survey of surveys},
	journaltitle = {Journal of Universal Computuer Science 26},
	author = {Beck, D and Morgado, L and O'Shea, P},
}

@article{fonnet_survey_2021,
	title = {Survey of Immersive Analytics},
	volume = {27},
	pages = {2101--2122},
	journaltitle = {{IEEE} Transactions on Visualization and Computer Graphics},
	shortjournal = {{IEEE} Trans. Visual. Comput. Graphics},
	author = {Fonnet, Adrien and Prie, Yannick},
	date = {2021-03-01},
}

@inproceedings{durbin_battlefield_1998,
	title = {Battlefield visualization on the responsive workbench},
	eventtitle = {Visualization '98},
	pages = {463--466,},
	booktitle = {Proceedings Visualization '98 (Cat. No.98CB36276)},
	publisher = {{IEEE}},
	author = {Durbin, Jim and Swan, J.E. and Colbert, B. and Crowe, J. and King, R. and King, T. and Scannell, C. and Wartell, Z. and Welsh, T.},
	date = {1998},
}

@article{coffey_interactive_2011,
	title = {Interactive Slice {WIM}: Navigating and Interrogating Volume Data Sets Using a Multisurface, Multitouch {VR} Interface},
	volume = {18},
	shorttitle = {Interactive Slice {WIM}},
	pages = {1614--1626},
	journaltitle = {{IEEE} Transactions on Visualization and Computer Graphics},
	shortjournal = {{IEEE} Trans. Visual. Comput. Graphics},
	author = {Coffey, Dane and Malbraaten, Nicholas and Le, Trung Bao and Borazjani, Iman and Sotiropoulos, Fotis and Erdman, Arthur G. and Keefe, Daniel F.},
	date = {2011},
}

@inproceedings{frohlich_exploring_1999,
	title = {Exploring geo-scientific data in virtual environments},
	eventtitle = {Visualization '99},
	pages = {169--173},
	booktitle = {Proceedings Visualization '99 (Cat. No.99CB37067)},
	publisher = {{IEEE}},
	author = {Frohlich, Bernd and Barrass, S. and Zehner, B. and Plate, J. and Gobel, M.},
	date = {1999},
}

@article{kolling_human_2015,
	title = {Human Interaction With Robot Swarms: A Survey},
	volume = {46},
	shorttitle = {Human Interaction With Robot Swarms},
	pages = {9--26},
	journaltitle = {{IEEE} Transactions on Human-Machine Systems},
	shortjournal = {{IEEE} Trans. Human-Mach. Syst.},
	author = {Kolling, Andreas and Walker, Phillip and Chakraborty, Nilanjan and Sycara, Katia and Lewis, Michael},
	date = {2015},
}

@article{leonard_coordinated_2010,
	title = {Coordinated control of an underwater glider fleet in an adaptive ocean sampling field experiment in Monterey Bay},
	volume = {27},
	pages = {718--740},
	journaltitle = {Journal of Field Robotics},
	shortjournal = {J. Field Robotics},
	author = {Leonard, Naomi E. and Paley, Derek A. and Davis, Russ E. and Fratantoni, David M. and Lekien, Francois and Zhang, Fumin},
	date = {2010-11},
}

@article{couzin_collective_2002,
	title = {Collective Memory and Spatial Sorting in Animal Groups},
	volume = {218},
	pages = {1--11},
	journaltitle = {Collective memory and spatial sorting in animal groups. Journal of theoretical biology},
	shortjournal = {Journal of Theoretical Biology},
	author = {Couzin, Iain D. and Krause, Jens and James, Richard and Ruxton, Graeme D. and Franks, Nigel R.},
	date = {2002-09},
}

@article{coppin_controlling_2012,
	title = {Controlling Swarms of Unmanned Vehicles through User-Centered Commands},
	pages = {5},
	journaltitle = {2012 {AAAI} Fall Symposium Series},
	author = {Coppin, Gilles and Legras, Francois},
	date = {2012},
}

@inproceedings{kira_exerting_2009,
	title = {Exerting human control over decentralized robot swarms},
	pages = {566--571},
	booktitle = {2009 4th International Conference on Autonomous Robots and Agents},
	publisher = {{IEEE}},
	author = {Kira, Zsolt and Potter, Mitchell A.},
	date = {2009-02},
}

@article{walter_uav_2006,
	title = {{UAV} Swarm Control: Calculating Digital Pheromone Fields with the {GPU}},
	volume = {3},
	shorttitle = {{UAV} Swarm Control},
	pages = {167--176},
	journaltitle = {The Journal of Defense Modeling and Simulation: Applications, Methodology, Technology},
	shortjournal = {Journal of Defense Modeling \& Simulation},
	author = {Walter, Bryan and Sannier, Adrian and Reiners, Dirk and Oliver, James},
	date = {2006},
}

@inproceedings{jung_multi-robot_2013,
	title = {Multi-robot perimeter-shaping through mediator-based swarm control},
	pages = {1--6},
	booktitle = {2013 16th International Conference on Advanced Robotics ({ICAR})},
	publisher = {{IEEE}},
	author = {Jung, Shin-Young and Goodrich, Michael A.},
	date = {2013},
}

@thesis{lamarche-perrin_analyse_2013,
	title = {Analyse macroscopique des grands systèmes: émergence épistémique et agrégation spatio-temporelle},
	institution = {Université de Grenoble},
	type = {phdthesis},
	author = {Lamarche-Perrin, Robin},
	date = {2013},
}

@report{picault_simulation_2013,
	title = {De la simulation multi-agents à la simulation multi-niveaux. Pour une réification des interactions.},
	pages = {158},
	institution = {Habilitation à diriger des recherches. Laboratoire d'Informatique Fondamentale de Lille},
	author = {Picault, Sébastien},
	date = {2013},
}

@article{mathieu_serious_2011,
	title = {Serious Games et {SMA} - Application à un supermarché virtuel},
	journaltitle = {{JFSMA}'2011, Valenciennes (France)},
	author = {Mathieu, Philippe and Panzoli, David and Picault, Sébastien},
	date = {2011},
}

@inproceedings{brown_human-swarm_2014,
	title = {Human-swarm interactions based on managing attractors},
	eventtitle = {{HRI}'14: {ACM}/{IEEE} International Conference on Human-Robot Interaction},
	pages = {90--97},
	booktitle = {Proceedings of the 2014 {ACM}/{IEEE} international conference on Human-robot interaction},
	publisher = {{ACM}},
	author = {Brown, Daniel S. and Kerman, Sean C. and Goodrich, Michael A.},
	date = {2014},
}

@article{nagel_methods_2001,
	title = {Methods for Visual Mining of Data in Virtual Reality},
	pages = {13--27},
	journaltitle = {Proceedings of the International Workshop on Visual Data Mining},
	author = {Nagel, Henrik R and Granum, Erik and Musaeus, Peter},
	date = {2001},
}

@article{ishii_tangible_1997,
	title = {Tangible Bits: Towards Seamless Interfaces between People, Bits and Atoms},
	pages = {8},
	journaltitle = {Proceedings of the {ACM} {SIGCHI} Conference on Human factors in computing systems},
	author = {Ishii, Hiroshi and Ullmer, Brygg},
	date = {1997},
}

@article{bowman_introduction_2001,
	title = {An Introduction to 3-D User Interface Design},
	volume = {10},
	pages = {96--108},
	journaltitle = {Presence: Teleoperators and Virtual Environments},
	shortjournal = {Presence: Teleoperators \& Virtual Environments},
	author = {Bowman, Doug A. and Kruijff, Ernst and {LaViola}, Joseph J. and Poupyrev, Ivan},
	date = {2001-02},
}

@article{cherep_spatial_2020,
	title = {Spatial cognitive implications of teleporting through virtual environments.},
	volume = {26},
	pages = {480--492},
	journaltitle = {Journal of Experimental Psychology: Applied},
	shortjournal = {Journal of Experimental Psychology: Applied},
	author = {Cherep, Lucia A. and Lim, Alex F. and Kelly, Jonathan W. and Acharya, Devi and Velasco, Alfredo and Bustamante, Emanuel and Ostrander, Alec G. and Gilbert, Stephen B.},
	date = {2020-09},
}

@article{poupyrev_go-go_1996,
	title = {The Go-Go Interaction Technique: Non-linear Mapping for Direct Manipulation in {VR}},
	pages = {79--80},
	journaltitle = {Proceedings of the 9th annual {ACM} symposium on User interface software and technology},
	author = {Poupyrev, Ivan and Billinghurst, Mark and Weghorst, Suzanne and Ichikawa, Tadao},
	date = {1996},
}

@inproceedings{fitzmaurice_bricks_1995,
	title = {Bricks: laying the foundations for graspable user interfaces},
	shorttitle = {Bricks},
	pages = {442--449},
	booktitle = {Proceedings of the {SIGCHI} conference on Human factors in computing systems},
	publisher = {{ACM} Press},
	author = {Fitzmaurice, George W. and Ishii, Hiroshi and Buxton, William A. S.},
	date = {1995},
}

@inproceedings{arora_virtualbricks_2019,
	title = {{VirtualBricks}: Exploring a Scalable, Modular Toolkit for Enabling Physical Manipulation in {VR}},
	shorttitle = {{VirtualBricks}},
	eventtitle = {{CHI} '19: {CHI} Conference on Human Factors in Computing Systems},
	pages = {1--12},
	booktitle = {Proceedings of the 2019 {CHI} Conference on Human Factors in Computing Systems},
	publisher = {{ACM}},
	author = {Arora, Jatin and Saini, Aryan and Mehra, Nirmita and Jain, Varnit and Shrey, Shwetank and Parnami, Aman},
	date = {2019-05-02},
}

@article{da_costa_deape_2018,
	title = {{DEAPE} Learn Dispositif d'Expérimentations Augmentées des Phénomènes Electromagnétiques pour l'apprentissage},
	pages = {3},
	journaltitle = {{FIHM} (Éd.), Proceedings of the {AFIHM} Conférence Francophone sur l’interaction Homme-Machine ({IHM} 2018)},
	author = {da Costa, Julien},
	date = {2018},
}

@article{damala_loupe_2016,
	title = {The Loupe: Tangible Augmented Reality For Learning To Look At Ancient Greek Art},
	volume = {16},
	rights = {Creative Commons Attribution 4.0, Open Access},
	shorttitle = {The Loupe},
	pages = {73--85},
	journaltitle = {Mediterranean Archaeology and Archaeometry},
	author = {Damala, Areti and Hornecker, Eva and van der Vaart, Merel and van Dijk, Dick and Ruthven, Ian},
	date = {2016},
	keywords = {Augmented Reality, Emotions, Evaluation, Learning, Museum Visit, Tangible Interaction, User Experience},
}

@article{kim_knobslider_2019,
	title = {{KnobSlider}: Design of a Shape-Changing Parameter Control {UI} and Study of User Preferences on Its Speed and Tangibility},
	volume = {6},
	shorttitle = {{KnobSlider}},
	pages = {79},
	journaltitle = {Frontiers in Robotics and {AI}},
	shortjournal = {Front. Robot. {AI}},
	author = {Kim, Hyunyoung and Coutrix, Céline and Roudaut, Anne},
	date = {2019},
}

@inproceedings{pereda_tui_2019,
	title = {A {TUI} to Explore Cultural Heritage Repositories on the Web},
	pages = {259--267},
	booktitle = {Proceedings of the Thirteenth International Conference on Tangible, Embedded, and Embodied Interaction},
	publisher = {{ACM}},
	author = {Pereda, Javier},
	date = {2019},
}

@inproceedings{villar_project_2018,
	title = {Project Zanzibar: A Portable and Flexible Tangible Interaction Platform},
	shorttitle = {Project Zanzibar},
	pages = {1--13},
	booktitle = {Proceedings of the 2018 {CHI} Conference on Human Factors in Computing Systems},
	publisher = {{ACM}},
	author = {Villar, Nicolas and Cletheroe, Daniel and Saul, Greg and Holz, Christian and Regan, Tim and Salandin, Oscar and Sra, Misha and Yeo, Hui-Shyong and Field, William and Zhang, Haiyan},
	date = {2018},
}

@article{veytizou_could_2018,
	title = {Could a Tangible Interface help a child to weigh his/her opinion on usability?},
	pages = {12--19},
	journaltitle = {Proceedings of the 30th Conference on l'Interaction Homme-Machine},
	author = {Veytizou, Julien and Bertolo, David and Baraudon, Charlotte and Olry, Alexis and Fleck, Stéphanie},
	date = {2018},
}

@inproceedings{perelman_roly-poly_2015,
	title = {The Roly-Poly Mouse: Designing a Rolling Input Device Unifying 2D and 3D Interaction},
	shorttitle = {The Roly-Poly Mouse},
	eventtitle = {{CHI} '15: {CHI} Conference on Human Factors in Computing Systems},
	pages = {327--336},
	booktitle = {Proceedings of the 33rd Annual {ACM} Conference on Human Factors in Computing Systems},
	publisher = {{ACM}},
	author = {Perelman, Gary and Serrano, Marcos and Raynal, Mathieu and Picard, Celia and Derras, Mustapha and Dubois, Emmanuel},
	date = {2015-04-18},
}

@article{cheng_affordances_2013,
	title = {Affordances of Augmented Reality in Science Learning: Suggestions for Future Research},
	volume = {22},
	shorttitle = {Affordances of Augmented Reality in Science Learning},
	pages = {449--462},
	journaltitle = {Journal of Science Education and Technology},
	shortjournal = {J Sci Educ Technol},
	author = {Cheng, Kun-Hung and Tsai, Chin-Chung},
	date = {2013-08},
}

@inproceedings{fleck_marker-based_2015,
	title = {Marker-based augmented reality: instructional-design to improve children interactions with astronomical concepts},
	shorttitle = {Marker-based augmented reality},
	eventtitle = {{IDC} '15: Interaction Design and Children},
	pages = {21--28},
	booktitle = {Proceedings of the 14th International Conference on Interaction Design and Children},
	publisher = {{ACM}},
	author = {Fleck, Stéphanie and Hachet, Martin and Bastien, J. M. Christian},
	date = {2015},
}

@article{da_costa_realite_2019,
	title = {Réalité augmentée pour l’apprentissage conceptuel en sciences: quels principes de conception pour les {EIAH} ? Cas du dispositif {DEAPE} {LEARN} en électromagnétisme},
	pages = {181--192},
	journaltitle = {Actes de la 9ème Conférence sur les Environnements Informatiques pour l’Apprentissage Humain.},
	author = {da Costa, Julien and Szilas, Nicolas and Mueller, Andréas},
	date = {2019},
}

@article{zuckerman_tui_2013,
	title = {To {TUI} or not to {TUI}: Evaluating performance and preference in tangible vs. graphical user interfaces},
	volume = {71},
	shorttitle = {To {TUI} or not to {TUI}},
	pages = {803--820},
	journaltitle = {International Journal of Human-Computer Studies},
	shortjournal = {International Journal of Human-Computer Studies},
	author = {Zuckerman, Oren and Gal-Oz, Ayelet},
	date = {2013},
}

@article{tricot_utilite_2003,
	title = {Utilité, utilisabilité, acceptabilité: interpréter les relations entre trois dimensions de l'évaluation des {EIAH}},
	series = {{ATIEF}; {INRP}},
	pages = {391--402},
	journaltitle = {Environnements Informatiques pour l'Apprentissage Humain 2003},
	author = {Tricot, André and Plégat-Soutjis, Fabienne and Camps, Jean-François and Amiel, Alban and Lutz, Gladys and Morcillo, Agnès},
	date = {2003},
}

@article{taillandier_building_2019,
	title = {Building, composing and experimenting complex spatial models with the {GAMA} platform},
	volume = {23},
	pages = {299--322},
	journaltitle = {{GeoInformatica}},
	shortjournal = {Geoinformatica},
	author = {Taillandier, Patrick and Gaudou, Benoit and Grignard, Arnaud and Huynh, Quang-Nghi and Marilleau, Nicolas and Caillou, Philippe and Philippon, Damien and Drogoul, Alexis},
	date = {2019},
}

@book{de_rosnay_macroscope_1975,
	edition = {Éditions du Seuil},
	title = {Le Macroscope, vers une vision globale},
	author = {de Rosnay, Joël},
	date = {1975}
}

@thesis{hutzler_du_2000,
	title = {Du Jardin des Hasards aux Jardins de Données: une approche artistique et multi-agent des interfaces homme / systèmes complexes},
	institution = {Université Paris {VI}},
	type = {phdthesis},
	author = {Hutzler, Guillaume},
	date = {2000},
}

@article{desmeulles_virtual_2006,
	title = {The virtual reality applied to biology understanding: The in virtuo experimentation},
	volume = {30},
	shorttitle = {The virtual reality applied to biology understanding},
	pages = {82--92},
	journaltitle = {Expert Systems with Applications},
	shortjournal = {Expert Systems with Applications},
	author = {Desmeulles, Gireg and Querrec, G and Redou, P and Kerdelo, S and Misery, L and Rodin, V and Tisseau, J},
	date = {2006-01},
}